<?xml version="1.0" encoding="UTF-8"?><record xmlns="http://www.loc.gov/MARC21/slim" xmlns:cinclude="http://apache.org/cocoon/include/1.0" xmlns:zs="http://www.loc.gov/zing/srw/">
  <leader>00384nz  a2200121n  4500</leader>
  <controlfield tag="001">nr 99031188 </controlfield>
  <controlfield tag="003">DLC</controlfield>
  <controlfield tag="005">19991007013802.0</controlfield>
  <controlfield tag="008">991005n| acannaabn          |n aaa     c</controlfield>
  <datafield tag="010" ind1=" " ind2=" ">
    <subfield code="a">nr 99031188 </subfield>
  </datafield>
  <datafield tag="040" ind1=" " ind2=" ">
    <subfield code="a">CSt-Law</subfield>
    <subfield code="b">eng</subfield>
    <subfield code="c">CSt-Law</subfield>
  </datafield>
  <datafield tag="100" ind1="1" ind2=" ">
    <subfield code="a">Burnett, H. Sterling</subfield>
  </datafield>
  <datafield tag="670" ind1=" " ind2=" ">
    <subfield code="a">Suing gun manufacturers, 1999:</subfield>
    <subfield code="b">t.p. (H. Sterling Burnett) p. 38 (sen. pol. analyst, Nat. Cent. for Pol. Analysis)</subfield>
  </datafield>
</record>